
%---------------PROBLEMA DE SLAM------------------------------
@article{localizacaoEMapeamentoPaulo,
	Author = {Paulo Roberto Godoi De Oliveira},
	Title = {Auto-Localização e Construção de Mapas de Ambiente para Robôs Móveis Baseados em Visão Omnidirecional Estéreo},
	Year = {2008},
	Address = {São Paulo, Brasil},
}

@article{vieira,
	Author = {Frederico Carvalho Vieira},
	Title = {Controle Dinâmico de robôs móveis com acionamento diferencial},
	Year = {2005},
	Address = {Rio Grande do Norte, Brasil},
}

@article{incrementalSLAM,
	Author = {Xiucai Ji and Hui Zhang and Dan Hai and Zhiqiang Zheng},
	Title = {Incremental SLAM with Backtracking Data Association for Mobile Robots},
	Year = {2008},
	Address = {International Conference on Information and Automation. Zhangjiajie, China},
}

@article{fusingSensorsParallel,
	Author = {Kai Wang and Yun-Hui Liu and Luyang Li},
	Title = {A Simple and Parallel Algorithm for Real-Time Robot Localization by Fusing Monocular Vision and Odometry/AHRS Sensors},
	Year = {2014},
	Address = {IEEE/ASME Transactions on Mechatronics, vol. 19, no. 4,  august 2014},
}

@article{wall_following,
	Author = {Max Katsev and Anna Yershova and Benjamín Tovar and Robert Ghrist and Steven M. LaValle},
	Title = {Mapping and Pursuit-Evasion Strategies For a Simple Wall-Following Robot},
	Year = {2011},
	Address = {IEEE Transactions on robotics, vol. 27, no. 1, february 2011},
}

@book{roboticaIndustrial,
	Author = {Vitor Ferreira Romano},
	Title = {Introdução à Robótica Industrial},
	Year = {2002},
	Booktitle = {Robótica Industrial: Aplicação na Indústria de Manufatura e de Processos.},
	publisher = {Edgard Blücher Ltda},
	isbn = 8521203152,
}

@book{legonxj,
	Author = {Brian Bagnall},
	Title = {Intelligence Unleashed: Creating LEGO NXT Robots With Java},
	Year = {2011},
	isbn = 9780986832208,
}

@book{interacaoRoboAmbiente,
	Author = {Anna Helena Reali Costa and
	 Jun {Okamoto Jr.}},
	Title = {Robótica Industrial - Interação de Robô no Ambiente},
	Year = {2002},
	publisher = {Edgard Blücher Ltda},
	Booktitle = {Robótica Industrial: Aplicação na Indústria de Manufatura e de Processos.},
	isbn = 8521203152,
}

%Este robo ganhou um dos campeonatos micro-rato.
@article{roboBulldozerIV,
	Author = {Frederico M. Santos and Valter F. Silva and Luís Almeida},
	Title = {Auto-localização em Pequenos Robôs Móveis e Autônomos:
O Caso do Robô Bulldozer IV},
	Year = {2002},
}

%Competição de robótica em ambiente virtual
@article{ciber-rato,
	Author = {Nuno Lau and Arthur Pereira and Andreia Melo and António Neves and João Figueiredo},
	Title = {Ciber-Rato: Uma Competição Robótica num Ambiente Virtual},
	Year = {2002},
}

@article{slamProblem,
	Author = {Gamini Dissanayake and Paul Newman and Steven Clark and Hugh F. Durrant-Whyte and M. Csorba},
	Title = {A Solution to the Simultaneous Localization and Map Building (SLAM) Problem},
	Year = {2001},
	Address = {The University of Sydney, Australia},
}

@article{slasem,
	Author = {Rongchuan Sun and Shugen Ma and Bin Li and Minghui Wang and Yuechao Wang},
	Title = {A Simultaneous Localization and Mapping Algorithm in Complex Environments: SLASEM},
	Year = {2010},
	Address = {Chinese Academy of Sciences, Shenyang 110016, P. R. China},
}

@article{mapManagement,
	Author = {Gamini Dissanayake and Stefan B. Williams and Hugh Durrant-Whyte and Tim Bailey},
	Title = {Map Management for Efficient Simultaneous Localization and Mapping (SLAM)},
	Year = {2002},
	Address = {University of Sydney, Sydney, NSW 2006, Australia},
}

@article{integratingCacheFeat,
	Author = {Jorge Costa and Filipe Dias and Rui Araújo},
	Title = {Simultaneous Localization and Map Building by Integrating a Cache of Features},
	Year = {2006},
	Address = {University of Coimbra, Portugal},
}

@article{neuralNetwork,
	Author = {Sajad Saeedi and Liam Paull and Michael Trentini and Howard Li},
	Title = {Neural Network-Based Multiple Robot Simultaneous Localization and Mapping},
	Year = {2011},
	Address = {Ieee Transactions on Neural Networks},
}

@article{multiRobots,
	Author = {Zhan Wang and Shoudong Huang and Gamini Dissanayake},
	Title = {Multi-robot simultaneous localization and mapping using D-SLAM framework},
	Year = {2007},
	Address = {Faculty of Engineering, University of Technology, Sydney, Australia},
}

@article{redeComunicacaoIndustria,
	Author = {Timo Lindhorst and Georg Lukas and Edgar Nett},
	Title = {Wireless Mesh Network Infrastructure for Industrial Applications – A Case Study of Tele-operated Mobile Robots},
	Year = {2013},
	Address = {University of Magdeburg},
}

@article{surveyLocalization,
	Author = {Jorge Fuentes-Pacheco and José Ruiz-Ascencio and Juan Manuel Rendón-Mancha},
	Title = {Visual simultaneous localization and mapping: a survey},
	Year = {2012},
	Address = {Centro Nacional de Investigación y Desarrollo Tecnológico, Cuernavaca, Morelos, México},
}


@article{batslam,
	Author = {Jan Steckel and Herbert Peremans},
	Title = {BatSLAM: Simultaneous Localization and Mapping Using Biomimetic Sonar},
	Year = {2013},
	Address = {University of Antwerp, Antwerp, Belgium},
}

@article{neurofuzzi,
	Author = {Amitava Chatterjee and Fumitoshi Matsuno},
	Title = {A Neuro-Fuzzy Assisted Extended Kalman Filter-Based Approach for Simultaneous Localization  and  Mapping (SLAM) Problems},
	Year = {2007},
	Address = {IEEE transactions on fuzzy systems},
}

@article{iterated_Dslam,
	Author = {Shoudong Huang and Zhan Wang and Gamini Dissanayake},
	Title = {Iterated D-SLAM map joining: evaluating its performance in terms of consistency, accuracy and efficiency},
	Year = {2009},
	Address = {Sydney, Australia},
}

@article{ROB:1764504,
author = {Lin,Hung-Hsing and Tsai,Ching-Chih},
title = {Improved global localization of an indoor mobile robot via fuzzy extended information filtering},
journal = {Robotica},
volume = {26},
issue = {02},
month = {3},
month = {3},
year = {2008},
issn = {1469-8668},
pages = {241--254},
numpages = {14},
doi = {10.1017/S0263574707003876},
URL = {http://journals-cambridge-org.ez54.periodicos.capes.gov.br/article_S0263574707003876},
}


%Artigo que aplica melhorias em um robô de limpeza, para melhor auto-localização
@article{melhoramentoServicoLimpeza,
	Author = {João Manuel Ferreira Martins},
	Title = {Melhoramento do Desempenho do Robot de Serviço de Limpeza},
	Year = {2008},
	Address = {Faculdade de Engenharia da Universidade do Porto},
}

%Artigo que apresenta um robô para exploração de Marte.
@article{explore_marte,
  title={Two years of visual odometry on the mars exploration rovers},
  author={Maimone, Mark and Cheng, Yang and Matthies, Larry},
  journal={Journal of Field Robotics},
  volume={24},
  number={3},
  pages={169--186},
  year={2007},
  publisher={Wiley Online Library}
}

%Artigo que fala sobre a utilização de robôs móveis simples para o desenvolvimento de estudantes no contexto da engenharia.
@article{simpleMobile,
  title={Simple Mobile Robots for Introduction into Engineering},
  author={M.T. Chew and S. Demidenko and L. Huang and C. Messom and G.SenGupta and M. Watts},
  journal={International Instrumentation and Measurement Technology Conference},
  year={2009}
}


%Artigo sobre auto-localização, que utiliza filtro de Kalman
@article{agenteExploratorioKalman,
  title={Módulo de Auto-Localização para um Agente Exploratório usando Filtro de Kalman},
  author={Karla Fedrizzi Machado},
  Address = {Universidade Federal do Rio Grande do Sul - Instituto de Informática},
  year={2003}
}

%Artigo que faz uma integração de visão com odometria para solucionar o problema de SLAM, em um robô simples.
@article{integrationVisionSLAMnonlinear,
  title={Integration of Vision based SLAM and Nonlinear Filter for Simple Mobile Robot Navigation},
  author={Dae Hee Won and Young Jae Lee and Sangkyung Sung and Taesam Kang},
  Address = {Konkuk University Seoul, Korea},
  year={2008}
}

%Aplicação do filtro de kalman num robô de limpeza
@article{theCleaningProject,
  title={The Cleaning Robot Project Aplicação do Filtro de Kalman na Auto-Localização de um Sistema Robótico Autónomo},
  author={Fernando Pedro Vieira Freitas Pinto},
  Address = {Faculdade de Engenharia da Universidade do Porto},
  year={2008}
}

@article{circumventingAssociationSLAM,
  title={Circumventing the Feature Association Problem in SLAM},
  author={Martin Adams and John Mullane and Ba-Ngu Vo},
  Address = {IEEE Intelligent transportation systems magazine},
  year={2013}
}

@article{filtroParticulasComLEGO,
  title={Cost-effective Active Localization Technique for Mobile Robots},
  author={Sepideh Seifzadeh and Dan Wu and Yuefeng Wang},
  Address = {International Conference on Robotics and Biomimetics},
  year={2009}
}

@article{processamentoParalelo,
  title={Aplicação de Processamento Paralelo em método iterativo para solucão de sistemas lineares },
  author={Lauro C. M. de Paula and Leonardo B. S. de Souza and Leandro B. S. de Souza and Wellington S. Martins},
  Address = {X Encontro Anual de Computação - EnAComp },
  year={2013}
}

@article{sequestro,
  title={Detection Strategy for Kidnapped Robot Problem In Landmark-Based Map Monte Carlo Localization},
  author={1. Bukhori and Z. H. Ismail and T. Namerikawa},
  Address = {IEEE International Symposium on Robotics and Intelligent Sensors},
  year={2015}
}


%----------------------FILOSOFIAS, TÉCNICAS, FERRAMENTAS...------------------------
@book{mooney1997monte,
  title={Monte carlo simulation},
  author={Mooney, Christopher Z},
  volume={116},
  year={1997},
  publisher={Sage Publications}
}

@inproceedings{cheeseman1987stochasticKalman,
  title={A stochastic map for uncertain spatial relationships},
  author={Cheeseman, P and Smith, R and Self, M},
  booktitle={4th International Symposium on Robotic Research},
  pages={467--474},
  year={1987}
}

@article{comparacaoKalmanParticulas,
	Author = {Adalberto Magalhães Malcher da Silva Neto},
	Title = {Comparação entre o Filtro de Kalman e Filtro de Partículas Aplicados na Robótica Móvel},
	Year = {2015},
	Address = {Universidade Estadual de Campinas},
}

@article{dp-slam,
	Author = { Vitor Campanholo Guizilini and Jun {Okamoto Jr.} and Fabiano Rogério Correa and Valdir {Grassi Jr.}},
	Title = { Implementação do DP-SLAM em Tempo Real para Robôs Móveis usando Sensores},
	Year = {2004},
	Address = {Universidade Estadual de Campinas},
}

@article{sequestroRobo,
	Author = { Andras Majdik and Mircea Popa and Levente Tamas and Istvan Szoke and Gheorghe Lazea},
	Title = {New approach in solving the kidnapped robot problem},
	Year = {2010},
	Address = {Technical University of Cluj-Napoca, Romania},
}



%-----------------------ROBÓTICA EDUCACIONAL------------------------
@article{teachingWithRoboticKit,
	Author = {Stefano Galvan and Debora Botturi and Andrea Castellani and Paolo Fiorini},
	Title = {Innovative Robotics Teaching Using Lego Sets},
	Year = {2006},
	Address = {University of Verona, Italy},
}

@article{teachingToolsState-Art,
	Author = {M. FARROKHSIAR and D. KRYS and H. NAJJARAN},
	Title = {A Teaching Tool for the State-of-the-Art Probabilistic Methods Used in Localization of Mobile Robots},
	Year = {2010},
	Address = {Okanagan School of Engineering, University of British Columbia, Kelowna, B. C., Canada},
}

@article{drawLegoRobot,
	Author = {Ákos Hámori and János Lengyel and Barna Reskó},
	Title = {3DOF drawing robot using LEGO-NXT},
	Year = {2011},
	Address = {Óbuda University, Hungary},
}

%Robótica educacional baseada em Lego
@article{roboticEducationBasedLego,
	Author = {Shuying Zhao and Wenjun Tan and Shiguang Wen and Chongshuang Guo},
	Title = {Research on Robotic Education Based on LEGO Bricks},
	Year = {2008},
	Address = {School of Information Science and Engineering, Northeastern University},
}

@article{evaluationRoboticEducationScale,
	Author = {Ahmad Faizal Abdul Wahab1 and Mustaffa Halabi Azahari2 and Rosita Mohd Tajuddin1},
	Title = {An Evaluation of Robotic Education Scale in Enhancing Science Achievement},
	Year = {2015},
	Address = {Universiti Teknologi MARA},
}

%Uso de robótica para o ensino de matemática.
@article{roboticaEducacionalAulasMatematica,
	Author = {Karina Disconsi Maliuk},
	Title = {Robótica Educacional como Cenário Investigativo nas Aulas de Matemática},
	Year = {2009},
	Address = {Universidade Federal do Rio Grande do Sul, Porto Alegre},
}

%Robôs móveis simples para introdução à engenharia.
@article{simpleRobotsIntroductionEng,
	Author = {M. T. Chew and S. Demidenko and L. Huang and C. Messom and G. SenGupta and M Watts},
	Title = {Simple Mobile Robots for Introduction into Engineering},
	Year = {2009},
	Address = {International Instrumentation and Measurement},
}

@article{daMaquinaDeEnsinarAMaquinaDeAprender,
	Author = {Elisa Maria Quartiero},
	Title = {Da máquina de ensinar à máquina de aprender: pesquisas em tecnologia educacional},
	Year = {2007},
	Address = {Universidade do Estado de Santa Catarina},
}

@article{roboticaEducativaEnsinoMedio,
	Author = {Fabiane Barreto Vavassori Benitti and Adilson Vahldick and Diego Leonardo Urban and Matheus Luan Krueger and Arvid Halma},
	Title = {Experimentação com Robótica Educativa no Ensino Médio: ambiente, atividades e resultados},
	Year = {2009},
	Address = {Universidade do Estado de Santa Catarina},
}

@article{PCsEConstrucionismo,
	Author = {Thais Cristina Alves Costa},
	Title = {Uma abordagem construcionista da utilização dos computadores na educação},
	Year = {2010},
	Address = {Universidade Federal de Pernambuco},
}

@article{analiseFerramentaEnsinoComputacao,
	Author = {Eraylson Galdino da Silva and Aline F. Barbosa and Sebastião R. S. Neto and Renato H. O.
Lopes and Ariane N. Rodrigues},
	Title = {Análise de ferramentas para o ensino de Computação na Educação Básica},
	Year = {2014},
	Address = {XXXIV Congresso da Sociedade Brasileira de Computação},
}

@article{projetoRoboticaMauricio,
	Author = {Mauricio Serrano and Milene Serrano},
	Title = {Análise de ferramentas para o ensino de Computação na Educação Básica},
	Year = {2014},
	Address = {Universidade de Brasília (UnB/FGA)},
}

%----------------------TRABALHOS TCC E METODOLOGIA CIENTIFICA-----------------------
%Artigo sobre Metodologia Científica
@article{metodologiaCientifica,
	Author = {Maxwell Ferreira de Oliveira},
	Title = {METODOLOGIA CIENTÍFICA: um manual para a realização de pesquisas em administração},
	Year = {2011},
	Address = {Universidade Federal de Goiás, Catalão GO},
}

@article{exemploRevisaoSistematica,
	Author = {Maylon Felix de Brito and Rejane Maria da Costa Figueiredo and Elaine Venson and Luiz Carlos Miyadaira {Ribeiro Jr} and Ricardo Ajax Dias Kosloski},
	Title = { Knowledge Transfer in Outsourcing Software Development Projects},
	Year = {2015},
	Address = {12th international conference on information systems and technology management},
}


@article{systematicReviewEngSoft,
	Author = {Jorge Biolchini and Paula Gomes Mian and Ana Candida Cruz Natali and Guilherme Horta Travassos},
	Title = {Systematic Review in Software Engineering},
	Year = {2005},
	Address = {Universidade Federal do Rio de Janeiro},
}

@article{quasi_goldES,
	Author = {He Zhang and Muhammad Ali Babar and Paolo Tell},
	Title = {Identifying relevant studies in software engineering},
	Year = {2010},
	Address = {National ICT Australia, University of New South Wales, Australia},
}

@article{estudoPrimarioSecundario,
	Author = {Sômulo Nogueira Mafra and Guilherme Horta Travassos},
	Title = {Estudos Primáriose Secundários apoiando a busca por evidência em Engenharia de Software},
	Year = {2006},
	Address = {Universidade Federal do Rio de Janeiro},
}

@article{metodologia,
	Author = {Tatiana Engel Gerhardt and Denise Tolfo Silveira},
	Title = {Metodos de Pesquisa},
	Year = {2009},
	Address = {Universidade Federal do Rio Grande do Sul},
}

@article{metodologiaDaPesquisa,
	Author = {Eduardo Moresi},
	Title = {Metodologia da Pesquisa},
	Year = {2003},
	Address = {Universidade Católica de Brasília - DF},
}

@article{Kitchenham,
	Author = {Barbara A. Kitchenham and David Budgen and Mohamed Khalil and Mark Turner and Pearl Brereton},
	Title = {Lessons from applying the systematic literature review process within the software engineering domain},
	Year = {2006},
	Address = { Keele University, Staffordshire ST5 5BG, UK},
}

@article{revisaoSistematicaComunicacao,
	Author = {Taciano Messias Moraes and Adriana Silveira de Souza},
	Title = {Revisão sistemática sobre a comunicação dentro do processo de desenvolvimento de software},
	Year = {2011},
	Address = {Universidade Federal de Goiás - GO},
	page={8},
}

@book{fundamentosMetodologia,
	Author = {Marina De Andrade Marconi and Eva Maria Lakatos},
	Title = {Métodos Científicos},
	Year = {2003},
	Booktitle = {Fundamentos da Metodologia Científica},
	publisher = {Editora Atlas},
	isbn = 8522433976,
}

@article{tccCarol,
	Author = {Carolina Barros Ramalho},
	Title = {Máquina de Raciocínio Lógico para Tomada de Decisões Estratégicas em Robótica Educacional},
	Year = {2015},
}

@article{tccRodrigo,
	Author = {Rodrigo Lopes Rincon},
	Title = {Traveller: Um Framework de Definição de Trajetórias para Robôs Móveis},
	Year = {2015},
}

%----------------------CONSTRUCIONISMO-----------------------

@article{construcionismoPapert,
	Author = {Sergio da Costa Nunes and Renato Pires dos Santos},
	Title = {O Construcionismo de Papert na criação de um objeto de aprendizagem e sua avaliação segundo a taxionomia de Bloom},
	Year = {2013},
	Address = {IX Encontro Nacional de Pesquisa em Educação em Ciências},
}


@article{oQueEConstrutivismo,
	Author = {Fernando Becker},
	Title = {O que é construtivismo?},
	Year = {2009},
	Address = {Universidade Federal do Rio Grande do Sul},
}














@inproceedings{sparrow1980,
	Author = {E. M. Sparrow},
	Title = {Forced Convection Heat Transfer in a Duct Having Spanwise-Periodic
	Rectangular Protuberances},
	Year = {1980},
	Pages = {149-167},
	Volume = {3},
	Booktitle = {Numerical Heat Transfer},
}




@article{coimbra1978,
	Author = {A. L. Coimbra},
	Title = {Lessons of Continuum Mechanics},
	Year = {1978},
	Address = {São Paulo, Brazil},
	Pages = {428},
	Editor = {Edgard Blücher},
}

@inproceedings{bordalo1989,
	Author = {S. N. Bordalo and J. H. Ferziger and S. J. Kline},
	Title = {The Development of Zonal Models for Turbulence},
	Year = {1989},
	Pages = {41-44},
	Booktitle = {Proceedings of the 10th Brazilian Congress of Mechanical
	Engineering}, 
	Volume = {1},	
}

@manual{NBR14724:2011,
	Address = {Rio de Janeiro},
	Date-Added = {2012-12-15 20:34:08 +0000},
	Date-Modified = {2012-12-15 20:35:25 +0000},
	Month = mar,
	Org-Short = {ABNT},
	Organization = {Associa{\c c}\~ao Brasileira de Normas T\'ecnicas},
	Pages = 15,
	Subtitle = {Informa{\c c}\~ao e documenta{\c c}\~ao --- trabalhos acad\^emicos --- apresenta{\c c}\~ao},
	Title = {{NBR} 14724},
	Year = 2011
}

@manual{NBR6034:2000,
	Address = {Rio de Janeiro},
	Org-Short = {ABNT},
	Organization = {Associa{\c c}\~ao Brasileira de Normas T\'ecnicas},
	Subtitle = {Informa{\c c}\~ao e documenta{\c c}\~ao --- Referências},
	Title = {{NBR} 14724},
	Year = 2000
}

